@ARTICLE{SWELLSV,
   author = {{Dutton}, A.~A. and {Treu}, T. and {Brewer}, B.~J. and {Marshall}, P.~J. and 
	{Auger}, M.~W. and {Barnab{\`e}}, M. and {Koo}, D.~C. and {Bolton}, A.~S. and 
	{Koopmans}, L.~V.~E.},
    title = "{The SWELLS survey - V. A Salpeter stellar initial mass function in the bulges of massive spiral galaxies}",
  journal = {Monthly Notices of the RAS},
archivePrefix = "arXiv",
   eprint = {1206.4310},
 primaryClass = "astro-ph.CO",
 keywords = {stars: luminosity function, mass function, galaxies: bulges, galaxies: kinematics and dynamics, galaxies: spiral, dark matter},
     year = 2013,
    month = feb,
   volume = 428,
    pages = {3183-3195},
      doi = {10.1093/mnras/sts262},
   adsurl = {http://adsabs.harvard.edu/abs/2013MNRAS.428.3183D},
  adsnote = {Provided by the SAO/NASA Astrophysics Data System}
}

@ARTICLE{SWELLSI,
   author = {{Treu}, T. and {Dutton}, A.~A. and {Auger}, M.~W. and {Marshall}, P.~J. and 
	{Bolton}, A.~S. and {Brewer}, B.~J. and {Koo}, D.~C. and {Koopmans}, L.~V.~E.
	},
    title = "{The SWELLS survey - I. A large spectroscopically selected sample of edge-on late-type lens galaxies}",
  journal = {Monthly Notices of the RAS},
archivePrefix = "arXiv",
   eprint = {1104.5663},
 primaryClass = "astro-ph.CO",
 keywords = {gravitational lensing: strong, galaxies: fundamental parameters, galaxies: haloes, galaxies: spiral, galaxies: structure},
     year = 2011,
    month = nov,
   volume = 417,
    pages = {1601-1620},
      doi = {10.1111/j.1365-2966.2011.19378.x},
   adsurl = {http://adsabs.harvard.edu/abs/2011MNRAS.417.1601T},
  adsnote = {Provided by the SAO/NASA Astrophysics Data System}
}

@ARTICLE{SWELLSIII,
   author = {{Brewer}, B.~J. and {Dutton}, A.~A. and {Treu}, T. and {Auger}, M.~W. and 
	{Marshall}, P.~J. and {Barnab{\`e}}, M. and {Bolton}, A.~S. and 
	{Koo}, D.~C. and {Koopmans}, L.~V.~E.},
    title = "{The SWELLS survey - III. Disfavouring 'heavy' initial mass functions for spiral lens galaxies}",
  journal = {Monthly Notices of the RAS},
archivePrefix = "arXiv",
   eprint = {1201.1677},
 primaryClass = "astro-ph.CO",
 keywords = {gravitational lensing: strong, stars: luminosity function, mass function, galaxies: fundamental parameters, galaxies: spiral},
     year = 2012,
    month = jun,
   volume = 422,
    pages = {3574-3590},
      doi = {10.1111/j.1365-2966.2012.20870.x},
   adsurl = {http://adsabs.harvard.edu/abs/2012MNRAS.422.3574B},
  adsnote = {Provided by the SAO/NASA Astrophysics Data System}
}

@INPROCEEDINGS{BartGravLens,
AUTHOR =  {{Narayan}, R. and {Bartelmann}, M.},
title = {Lectures on {G}ravitational {L}ensing},
booktitle = {Formation of Structure in the Universe, Proceedings of the 1995 Jerusalem Winter School}, 
year = {1999},
editor = {{Dekel}, A. and {Ostriker}, J.P.}, 
pages = {360-432},
publisher={Cambridge University Press}
}

@ARTICLE{EvansWitt,
   author = {{Evans}, N.~W. and {Witt}, H.~J.},
    title = "{Fitting gravitational lenses: truth or delusion}",
  journal = {Monthly Notices of the RAS},
   eprint = {arXiv:astro-ph/0212013},
 keywords = {gravitational lensing, galaxies: elliptical and lenticular, cD, galaxies: structure, dark matter},
     year = 2003,
    month = nov,
   volume = 345,
    pages = {1351-1364},
      doi = {10.1046/j.1365-2966.2003.07057.x},
   adsurl = {http://adsabs.harvard.edu/abs/2003MNRAS.345.1351E},
  adsnote = {Provided by the SAO/NASA Astrophysics Data System}
}

@ARTICLE{GlennEC,
   author = {van de {Ven}, G. and {Falc{\'o}n-Barroso}, J. and {McDermid}, R.~M. and 
	{Cappellari}, M. and {Miller}, B.~W. and {de Zeeuw}, P.~T.},
    title = "{The Einstein Cross: Constraint on Dark Matter from Stellar Dynamics and Gravitational Lensing}",
  journal = {Astrophysical Journal},
archivePrefix = "arXiv",
   eprint = {0807.4175},
 keywords = {galaxies: kinematics and dynamics, galaxies: photometry, galaxies: structure, gravitational lensing: strong},
     year = 2010,
    month = aug,
   volume = 719,
    pages = {1481-1496},
      doi = {10.1088/0004-637X/719/2/1481},
   adsurl = {http://adsabs.harvard.edu/abs/2010ApJ...719.1481V},
  adsnote = {Provided by the SAO/NASA Astrophysics Data System}
}

@ARTICLE{1991ApJ...373..354K,
   author = {{Kochanek}, C.~S.},
    title = "{The implications of lenses for galaxy structure}",
  journal = {Astrophysical Journal},
 keywords = {ASTRONOMICAL MODELS, GALACTIC STRUCTURE, GRAVITATIONAL LENSES, GRAVITATIONAL FIELDS, IMAGING TECHNIQUES, QUADRUPOLES, RADIO ASTRONOMY, RED SHIFT},
     year = 1991,
    month = jun,
   volume = 373,
    pages = {354-368},
      doi = {10.1086/170057},
   adsurl = {http://adsabs.harvard.edu/abs/1991ApJ...373..354K},
  adsnote = {Provided by the SAO/NASA Astrophysics Data System}
}
